<record><leader>00000cas a22000007a 4500</leader><controlfield tag="001">15467214</controlfield><controlfield tag="008">870331d18851891inuwr ne      0    0eng d</controlfield><datafield ind1=" " ind2=" " tag="010"><subfield code="a">sn 87055816 </subfield></datafield><datafield ind1=" " ind2=" " tag="040"><subfield code="a">NPI</subfield><subfield code="b">eng</subfield><subfield code="c">NPI</subfield><subfield code="d">OCLCQ</subfield></datafield><datafield ind1=" " ind2=" " tag="042"><subfield code="a">msc</subfield></datafield><datafield ind1="0" ind2=" " tag="130"><subfield code="a">Mentone gazette (Mentone, Ind. : 1885)</subfield></datafield><datafield ind1="1" ind2="0" tag="245"><subfield code="a">Mentone gazette.</subfield></datafield><datafield ind1=" " ind2=" " tag="260"><subfield code="a">Mentone, Kosciusko Co., Ind. :</subfield><subfield code="b">The "Kurnel",</subfield><subfield code="c">1885-1891.</subfield></datafield><datafield ind1=" " ind2=" " tag="310"><subfield code="a">Weekly</subfield></datafield><datafield ind1="0" ind2=" " tag="362"><subfield code="a">Vol. 1, no. 1 (Feb. 5, 1885)-v. 7, no. 7 (Feb. 14, 1891).</subfield></datafield><datafield ind1=" " ind2=" " tag="752"><subfield code="a">United States</subfield><subfield code="b">Indiana</subfield><subfield code="c">Kosciusko</subfield><subfield code="d">Mentone.</subfield></datafield><datafield ind1="0" ind2="0" tag="785"><subfield code="t">Tri-county gazette</subfield><subfield code="w">(DLC)sn 86063063</subfield><subfield code="w">(OCoLC)13105147</subfield></datafield></record>